@book{ BARBOSA,
       author = "S. D. J. BARBOSA AND B. S.  Silva",
       title = "Interação Humano-computador",
       city = "Rio de Janeiro",
       year = "2011" }
       
@book{ hix,
       author = "Hix AND Hartson",
       title = "Developing User Interfaces: Ensuring Usability Through Product e Process.",
       edition = "1",
       city = "São Paulo",
       year = "1993"}
       
@book{ preece,
       author = "Preece AND rogers AND sharp",
       title = "Design de Interação: Além da interação homem computador. ",
       city = "Porto Alegre(RS)",
       year = "2011" }
          
@misc{ brasil,
       author = "Brasil",
       title = "ASES - Avaliador e Simulador de Acessibilidade de Sítios",
       year = "2008"}    
       
@online{cca, 
	author = "The{ }Paciello{ }Group",
	title = "Colour Contrast Analyser",
	year = "2013"}
@book{iso,
	  author = "ISO/IEC{ }9126-1",
	  title = "Software engineering - Product quality - Part 1: Quality model",
	  year = "2003"}
@book{emag,
	  author = "Brasil",
	  title = "e-MAG - Checklist de Acessibilidade Manual para o Desenvolvedor",
	  year = "2010"}
	  
@online{ nielsen,
       author = "J. Nielsen",
       title = "Why You Only Need to Test with 5 Users",
       year = "2000"} 